@misc{matlab,
  title = {{MATLAB Documentation}},
  year  = {2023},
  month = nov,
  note  = {[Online; accessed 17. Nov. 2023]},
  url   = {https://www.mathworks.com/help/matlab/ref}
}
@misc{sec,
  title   = {{Secant Method Algorithm (Step Wise)}},
  journal = {Codesansar},
  year    = {2023},
  month   = nov,
  note    = {[Online; accessed 23. Nov. 2023]},
  url     = {https://www.codesansar.com/numerical-methods/secant-method-algorithm.htm}
}