@misc{matlab,
  title = {{MATLAB Documentation}},
  year  = {2023},
  month = nov,
  note  = {[Online; accessed 17. Nov. 2023]},
  url   = {https://www.mathworks.com/help/matlab/ref}
}