@book{rosenDiscrete,
  title     = {DISCRETE MATHEMATICS AND ITS APPLICATIONS,SEVENTH EDITION},
  author    = {Rosen, Kenneth H.},
  publisher = {McGraw-Hill}
}
@misc{chineseCar,
  title     = {{Introduction to Chinese Remainder Theorem}},
  journal   = {GeeksforGeeks},
  year      = {2022},
  publisher = {GeeksforGeeks},
  month     = nov,
  note      = {[Online; accessed 24. Oct. 2023]},
  url       = {https://www.geeksforgeeks.org/introduction-to-chinese-remainder-theorem/?ref=lbp}
}
