@misc{gfgMod,
  title     = {{Modular Arithmetic}},
  journal   = {GeeksforGeeks},
  year      = {2023},
  publisher = {GeeksforGeeks},
  month     = apr,
  note      = {[Online; accessed 14. Oct. 2023]},
  url       = {https://www.geeksforgeeks.org/modular-arithmetic}
}