@article{grangersympy,
  author = {GRANGER, RICHARD P MULLER and BONAZZI, FRANCESCO and GUPTA, HARSH and VATS, SHIVAM and JOHANSSON, FREDRIK and FABIAN PEDREGOSA, MATTHEW J},
  title  = {SYMPY: SYMBOLIC COMPUTING IN PYTHON},
}
@book{rosenDiscrete,
  author    = {Rosen, Kenneth H.},
  publisher = {McGraw-Hill},
  title     = {DISCRETE MATHEMATICS AND ITS APPLICATIONS,SEVENTH EDITION},
}
