@misc{matlab,
  title = {{MATLAB Documentation}},
  year  = {2023},
  month = nov,
  note  = {[Online; accessed 17. Nov. 2023]},
  url   = {https://www.mathworks.com/help/matlab/ref}
}
@misc{bisec,
  title   = {{Bisection Method Algorithm (Step Wise)}},
  journal = {Codesansar},
  year    = {2023},
  month   = nov,
  note    = {[Online; accessed 17. Nov. 2023]},
  url     = {https://www.codesansar.com/numerical-methods/bisection-method-algorithm.htm}
}@misc{newRa,
  title   = {{Newton Raphson (NR) Method Algorithm (Step Wise)}},
  journal = {Codesansar},
  year    = {2023},
  month   = nov,
  note    = {[Online; accessed 17. Nov. 2023]},
  url     = {https://www.codesansar.com/numerical-methods/newton-raphson-method-algorithm.htm}
}
@misc{falsePos,
  title   = {{Regula Falsi (False Position) Method Algorithm (Step Wise)}},
  journal = {Codesansar},
  year    = {2023},
  month   = nov,
  note    = {[Online; accessed 17. Nov. 2023]},
  url     = {https://www.codesansar.com/numerical-methods/regula-falsi-or-false-position-method-algorithm.htm}
}
@article{prs,
  title   = {{What is the Equivalent Circuit of Induction Motor?}},
  author  = {{Electrical Technology}},
  journal = {ELECTRICAL TECHNOLOGY},
  year    = {2022},
  month   = sep,
  url     = {https://www.electricaltechnology.org/2022/04/equivalent-circuit-induction-motor.html}
}