@misc{16Tauto93,
  author       = {},
  howpublished = {\url{https://math.libretexts.org/}},
  month        = {},
  note         = {(Accessed on 10/01/2023)},
  title        = {1.6: Tautologies and contradictions - Mathematics LibreTexts},
  year         = {},
}

@misc{Itertool25:online,
  author       = {},
  howpublished = {\url{https://www.scaler.com/topics/itertools-in-python/}},
  month        = {},
  note         = {(Accessed on 10/01/2023)},
  title        = {Itertools in Python - Scaler Topics},
  year         = {},
}

@misc{SymPyWik82:online,
  author       = {},
  howpublished = {\url{https://en.wikipedia.org/wiki/SymPy}},
  month        = {},
  note         = {(Accessed on 10/01/2023)},
  title        = {SymPy - Wikipedia},
  year         = {},
}